@online{site:agile-manifesto,
    title   = {Manifesto Agile},
    url     = {http://agilemanifesto.org/iso/it/}
}

@online{site:pep8,
    title = {PEP8},
    url = {https://www.python.org/dev/peps/pep-0008/}
}

@online{site:python,
    title = {Python},
    url = {https://www.python.org/}
}

@online{site:nose,
    title = {Nose},
    url = {https://nose.readthedocs.io/en/latest/}
}


@online{site:nltk,
    title = {NLTK - Natural Language Toolkit},
    url = {http://www.nltk.org/}
}


@online{site:wordnet,
    title = {Wordnet},
    url = {http://www.nltk.org/howto/wordnet.html}
}


@online{site:treetagger,
    title = {TreeTagger},
    url = {https://www.cis.uni-muenchen.de/~schmid/tools/TreeTagger/}
}

@online{site:twrapper,
    title = {TreeTagger wrapper},
    url = {https://treetaggerwrapper.readthedocs.io/en/latest/}
}


@online{site:engagent,
    title = {Engagent},
    url = {https://www.pat.eu/prodotti-software-e-soluzioni-it/engagent/}
}

@online{site:pypi,
    title = {PyPI},
    url = https://pypi.org/
}

@online{site:nlp,
    title = {nlp},
    url = https://en.wikipedia.org/wiki/Natural_language_processing
}

@online{site:alexanlu,
    title = {Alexa NLU},
    url = https://developer.amazon.com/en-US/alexa/alexa-skills-kit/nlu
}

@online{site:nlpexamples,
    title = {Esempi NLP},
    url = https://www.wonderflow.co/natural-language-processing-examples/
}